% Encoding: UTF-8

@article{gonccalves2002,
  title={Rob{\'o}tica, Sistemas Sensorial e Motor: Principais Tend{\^e}ncias e Dire{\c{c}}{\~o}es.},
  author={Gon{\c{c}}alves, Luiz Marcos Garcia and Junior, Roberto Marcondes Cesar},
  journal={RITA},
  volume={9},
  number={2},
  pages={7--36},
  year={2002}
}


@article{fildes2022,
  title={Retail forecasting: Research and practice},
  author={Fildes, Robert and Ma, Shaohui and Kolassa, Stephan},
  journal={International Journal of Forecasting},
  volume={38},
  number={4},
  pages={1283--1318},
  year={2022},
  publisher={Elsevier}
}

@inproceedings{ribeiro2020data,
  title={A data visualization interactive exploration of human mobility data during the COVID-19 outbreak: a case study},
  author={Ribeiro, Miguel and Nisi, Valentina and Prandi, Catia and Nunes, Nuno},
  booktitle={2020 IEEE Symposium on Computers and Communications (ISCC)},
  pages={1--6},
  year={2020},
  organization={IEEE}
}


@Comment{jabref-meta: databaseType:biblatex;}
